<?xml version="1.0" encoding="UTF-8"?>

                <record xmlns="http://www.loc.gov/MARC21/slim">
                    <leader>00000nam a2200000zcb4500</leader>
                    <controlfield tag="001">990005980830203331</controlfield>
                    <controlfield tag="003">AT-OBV</controlfield>
                    <controlfield tag="005">20180222082900.0</controlfield>
                    <controlfield tag="007">tu</controlfield>
                    <controlfield tag="008">910529|1992####au############|||#|#ger#u</controlfield>
                    <controlfield tag="009">AC00255200</controlfield>
                    <datafield tag="015" ind1=" " ind2=" ">
                        <subfield code="a">91,N21,0490</subfield>
                        <subfield code="2">dnb</subfield>
                    </datafield>
                    <datafield tag="020" ind1=" " ind2=" ">
                        <subfield code="a">3205054113</subfield>
                        <subfield code="c">kart. : 980,- ; DM 140,-</subfield>
                    </datafield>
                    <datafield tag="035" ind1=" " ind2=" ">
                        <subfield code="a">AC00255200</subfield>
                    </datafield>
                    <datafield tag="035" ind1=" " ind2=" ">
                        <subfield code="a">(AT-OBV)AC00255200</subfield>
                    </datafield>
                    <datafield tag="035" ind1=" " ind2=" ">
                        <subfield code="a">(Aleph)000598083ACC01</subfield>
                    </datafield>
                    <datafield tag="035" ind1=" " ind2=" ">
                        <subfield code="a">(DE-599)OBVAC00255200</subfield>
                    </datafield>
                    <datafield tag="040" ind1=" " ind2=" ">
                        <subfield code="a">WUW</subfield>
                        <subfield code="b">ger</subfield>
                        <subfield code="d">WBR</subfield>
                        <subfield code="e">rakwb</subfield>
                    </datafield>
                    <datafield tag="041" ind1=" " ind2=" ">
                        <subfield code="a">ger</subfield>
                    </datafield>
                    <datafield tag="044" ind1=" " ind2=" ">
                        <subfield code="c">XA-AT</subfield>
                    </datafield>
                    <datafield tag="084" ind1=" " ind2=" ">
                        <subfield code="a">86.78</subfield>
                        <subfield code="2">bkl</subfield>
                    </datafield>
                    <datafield tag="084" ind1=" " ind2=" ">
                        <subfield code="a">86.74</subfield>
                        <subfield code="2">bkl</subfield>
                    </datafield>
                    <datafield tag="084" ind1=" " ind2=" ">
                        <subfield code="a">83.30</subfield>
                        <subfield code="2">bkl</subfield>
                    </datafield>
                    <datafield tag="084" ind1=" " ind2=" ">
                        <subfield code="a">15.23</subfield>
                        <subfield code="2">bkl</subfield>
                    </datafield>
                    <datafield tag="084" ind1=" " ind2=" ">
                        <subfield code="a">NP 4805</subfield>
                        <subfield code="2">rvk</subfield>
                        <subfield code="9">O: Automatisch aus BVB_2013-06 2013-03-21</subfield>
                    </datafield>
                    <datafield tag="100" ind1="1" ind2=" ">
                        <subfield code="a">Grandner, Margarete</subfield>
                        <subfield code="d">1953-</subfield>
                        <subfield code="0">(DE-588)12336776X</subfield>
                        <subfield code="4">aut</subfield>
                    </datafield>
                    <datafield tag="245" ind1="0" ind2="0">
                        <subfield code="a">Kooperative Gewerkschaftspolitik in der Kriegswirtschaft</subfield>
                        <subfield code="b">die freien Gewerkschaften Österreichs im Ersten Weltkrieg</subfield>
                        <subfield code="c">Margarete Grandner</subfield>
                    </datafield>
                    <datafield tag="264" ind1=" " ind2="1">
                        <subfield code="a">Wien [u.a.]</subfield>
                        <subfield code="b">Böhlau</subfield>
                        <subfield code="c">1992</subfield>
                    </datafield>
                    <datafield tag="300" ind1=" " ind2=" ">
                        <subfield code="a">465 S.</subfield>
                        <subfield code="c">24 cm</subfield>
                    </datafield>
                    <datafield tag="490" ind1="1" ind2=" ">
                        <subfield code="a">Veröffentlichungen der Kommission für Neuere Geschichte Österreichs</subfield>
                        <subfield code="v">82</subfield>
                    </datafield>
                    <datafield tag="500" ind1=" " ind2=" ">
                        <subfield code="a">Literaturverz. S. [448] - 458</subfield>
                    </datafield>
                    <datafield tag="650" ind1=" " ind2="0">
                        <subfield code="a">Austria</subfield>
                        <subfield code="a">History</subfield>
                        <subfield code="a">20th century</subfield>
                        <subfield code="z">Automatisch aus GBV_2011-10 2012-04-21</subfield>
                    </datafield>
                    <datafield tag="650" ind1=" " ind2="0">
                        <subfield code="a">Economic aspects</subfield>
                        <subfield code="S">z</subfield>
                        <subfield code="a">Austria</subfield>
                        <subfield code="z">Automatisch aus GBV_2011-10 2012-04-21</subfield>
                    </datafield>
                    <datafield tag="689" ind1="0" ind2="0">
                        <subfield code="a">Österreich</subfield>
                        <subfield code="D">g</subfield>
                        <subfield code="0">(DE-588)4043271-3</subfield>
                    </datafield>
                    <datafield tag="689" ind1="0" ind2="1">
                        <subfield code="a">Kriegswirtschaft</subfield>
                        <subfield code="D">s</subfield>
                        <subfield code="0">(DE-588)4134037-1</subfield>
                    </datafield>
                    <datafield tag="689" ind1="0" ind2="2">
                        <subfield code="a">Gewerkschaftspolitik</subfield>
                        <subfield code="D">s</subfield>
                        <subfield code="0">(DE-588)4020889-8</subfield>
                    </datafield>
                    <datafield tag="689" ind1="0" ind2="3">
                        <subfield code="a">Geschichte 1914-1918</subfield>
                        <subfield code="A">z</subfield>
                    </datafield>
                    <datafield tag="689" ind1="0" ind2=" ">
                        <subfield code="5">AT-OBV</subfield>
                        <subfield code="5">UBW</subfield>
                    </datafield>
                    <datafield tag="689" ind1="1" ind2="0">
                        <subfield code="a">Österreich</subfield>
                        <subfield code="D">g</subfield>
                        <subfield code="0">(DE-588)4043271-3</subfield>
                    </datafield>
                    <datafield tag="689" ind1="1" ind2="1">
                        <subfield code="a">Arbeiterbewegung</subfield>
                        <subfield code="D">s</subfield>
                        <subfield code="0">(DE-588)4002581-0</subfield>
                    </datafield>
                    <datafield tag="689" ind1="1" ind2="2">
                        <subfield code="a">Weltkrieg</subfield>
                        <subfield code="g">1914-1918</subfield>
                        <subfield code="D">s</subfield>
                        <subfield code="0">(DE-588)4079163-4</subfield>
                    </datafield>
                    <datafield tag="689" ind1="1" ind2=" ">
                        <subfield code="5">AT-OBV</subfield>
                        <subfield code="5">UBW</subfield>
                    </datafield>
                    <datafield tag="830" ind1=" " ind2="0">
                        <subfield code="w">(AT-OBV)AC00112585</subfield>
                        <subfield code="v">82</subfield>
                        <subfield code="9">O:1</subfield>
                    </datafield>
                    <datafield tag="856" ind1="4" ind2="2">
                        <subfield code="q">application/pdf</subfield>
                        <subfield code="u">http://media.obvsg.at/AC00255200-1001</subfield>
                        <subfield code="x">HBZ-CE</subfield>
                        <subfield code="3">Inhaltsverzeichnis</subfield>
                        <subfield code="o">OBV-HBZ-CE</subfield>
                    </datafield>
                    <datafield tag="852" ind1="0" ind2="1">
                        <subfield code="a">43ACC_UBS</subfield>
                        <subfield code="6">990001450190203341</subfield>
                        <subfield code="9">P</subfield>
                    </datafield>
                    <datafield tag="852" ind1="0" ind2="1">
                        <subfield code="a">43ACC_WIENB</subfield>
                        <subfield code="6">9910685383804516</subfield>
                        <subfield code="9">P</subfield>
                    </datafield>
                    <datafield tag="852" ind1="0" ind2="1">
                        <subfield code="a">43ACC_UBW</subfield>
                        <subfield code="6">990001413140203332</subfield>
                        <subfield code="9">P</subfield>
                    </datafield>
                    <datafield tag="852" ind1="0" ind2="1">
                        <subfield code="a">43ACC_OEAW</subfield>
                        <subfield code="6">990000876450504498</subfield>
                        <subfield code="9">P</subfield>
                    </datafield>
                    <datafield tag="852" ind1="0" ind2="1">
                        <subfield code="a">43ACC_UBK</subfield>
                        <subfield code="6">990004066130203346</subfield>
                        <subfield code="9">P</subfield>
                    </datafield>
                    <datafield tag="852" ind1="0" ind2="1">
                        <subfield code="a">43ACC_UBL</subfield>
                        <subfield code="6">990000485860103340</subfield>
                        <subfield code="9">P</subfield>
                    </datafield>
                    <datafield tag="852" ind1="0" ind2="1">
                        <subfield code="a">43ACC_ONB</subfield>
                        <subfield code="6">990000573450603338</subfield>
                        <subfield code="9">P</subfield>
                    </datafield>
                    <datafield tag="852" ind1="0" ind2="1">
                        <subfield code="a">43ACC_BRIDGE_PAR</subfield>
                        <subfield code="6">9913707604485</subfield>
                        <subfield code="9">P</subfield>
                    </datafield>
                    <datafield tag="852" ind1="0" ind2="1">
                        <subfield code="a">43ACC_BMA</subfield>
                        <subfield code="6">990005013470304534</subfield>
                        <subfield code="9">P</subfield>
                    </datafield>
                    <datafield tag="852" ind1="0" ind2="1">
                        <subfield code="a">43ACC_WUW</subfield>
                        <subfield code="6">990000702020203337</subfield>
                        <subfield code="9">P</subfield>
                    </datafield>
                    <datafield tag="852" ind1="0" ind2="1">
                        <subfield code="a">43ACC_UBG</subfield>
                        <subfield code="6">990000950570203339</subfield>
                        <subfield code="9">P</subfield>
                    </datafield>
                    <datafield tag="852" ind1="0" ind2="1">
                        <subfield code="a">43ACC_UBI</subfield>
                        <subfield code="6">990001534340103333</subfield>
                        <subfield code="9">P</subfield>
                    </datafield>
                    <datafield tag="852" ind1="0" ind2="1">
                        <subfield code="a">43ACC_AKW</subfield>
                        <subfield code="6">990001587090203343</subfield>
                        <subfield code="9">P</subfield>
                    </datafield>
                    <datafield tag="852" ind1="0" ind2="1">
                        <subfield code="a">43ACC_OOELB</subfield>
                        <subfield code="6">990001957340304508</subfield>
                        <subfield code="9">P</subfield>
                    </datafield>
                    <datafield tag="974" ind1="0" ind2="s">
                        <subfield code="F">030</subfield>
                        <subfield code="A">z|1dcr|||||17</subfield>
                    </datafield>
                    <datafield tag="974" ind1="0" ind2="s">
                        <subfield code="F">050</subfield>
                        <subfield code="A">a|a|||||||||||</subfield>
                    </datafield>
                    <datafield tag="974" ind1="0" ind2="s">
                        <subfield code="F">051</subfield>
                        <subfield code="A">s||||||</subfield>
                    </datafield>
                    <datafield tag="974" ind1="0" ind2="u">
                        <subfield code="V">903</subfield>
                        <subfield code="a">2134</subfield>
                        <subfield code="a">3214</subfield>
                    </datafield>
                    <datafield tag="974" ind1="0" ind2="u">
                        <subfield code="V">908</subfield>
                        <subfield code="a">213</subfield>
                        <subfield code="a">321</subfield>
                    </datafield>
                </record>

